@article{unet,
  author       = "O. Ronneberger and P.Fischer and T. Brox",
  title        = "U-Net: Convolutional Networks for Biomedical Image Segmentation",
  booktitle    = "Medical Image Computing and Computer-Assisted Intervention (MICCAI)",
  series       = "LNCS",
  volume       = "9351",
  pages        = "234--241",
  year         = "2015",
  publisher    = "Springer",
  note         = "(available on arXiv:1505.04597 [cs.CV])",
  url          = "http://lmb.informatik.uni-freiburg.de/Publications/2015/RFB15a"
}
@article{paregression,
 author = {Crammer, Koby and Dekel, Ofer and Keshet, Joseph and Shalev-Shwartz, Shai and Singer, Yoram},
 title = {Online Passive-Aggressive Algorithms},
 journal = {J. Mach. Learn. Res.},
 issue_date = {12/1/2006},
 volume = {7},
 month = dec,
 year = {2006},
 issn = {1532-4435},
 pages = {551--585},
 numpages = {35},
 url = {http://dl.acm.org/citation.cfm?id=1248547.1248566},
 acmid = {1248566},
 publisher = {JMLR.org},
}
@article{scikit-learn,
 title={Scikit-learn: Machine Learning in {P}ython},
 author={Pedregosa, F. and Varoquaux, G. and Gramfort, A. and Michel, V.
         and Thirion, B. and Grisel, O. and Blondel, M. and Prettenhofer, P.
         and Weiss, R. and Dubourg, V. and Vanderplas, J. and Passos, A. and
         Cournapeau, D. and Brucher, M. and Perrot, M. and Duchesnay, E.},
 journal={Journal of Machine Learning Research},
 volume={12},
 pages={2825--2830},
 year={2011}
}
@online{whiten-stanford,
  author = {UFLDL, Stanford University},
  title = {PCA Whitening},
  url = {http://ufldl.stanford.edu/tutorial/unsupervised/PCAWhitening/},
  urldate = {2018-04-17}
}
@online{whiten-mit,
  author = {Rosalind W. Picard},
  title = {Topic: Decorrelating and then Whitening Data},
  year = 2010,
  url = {http://courses.media.mit.edu/2010fall/mas622j/whiten.pdf},
  urldate = {2018-04-17}
}
